@article{Linde1980,
	author = {Linde, Y. and Buzo, a. and Gray, R.},
	booktitle = {IEEE Transactions on Communications},
	doi = {10.1109/TCOM.1980.1094577},
	issn = {0090-6778},
	journal = {IEEE Transactions on Communications},
	number = 1,
	pages = {84-95},
	title = {An Algorithm for Vector Quantizer Design},
	volume = 28,
	year = 1980
}
